<record><leader>00000cas a22000007a 4500</leader><controlfield tag="001">20845576</controlfield><controlfield tag="008">900104d18531859mouwr ne      0    0eng d</controlfield><datafield ind1=" " ind2=" " tag="010"><subfield code="a">sn 89067676 </subfield></datafield><datafield ind1=" " ind2=" " tag="040"><subfield code="a">MQN</subfield><subfield code="b">eng</subfield><subfield code="c">MQN</subfield><subfield code="d">OCL</subfield><subfield code="d">OCLCQ</subfield><subfield code="d">OCLCF</subfield><subfield code="d">OCLCO</subfield></datafield><datafield ind1=" " ind2=" " tag="042"><subfield code="a">msc</subfield></datafield><datafield ind1=" " ind2=" " tag="043"><subfield code="a">n-us-mo</subfield></datafield><datafield ind1="0" ind2="0" tag="245"><subfield code="a">Richmond weekly mirror.</subfield></datafield><datafield ind1="3" ind2="0" tag="246"><subfield code="a">Richmond mirror</subfield></datafield><datafield ind1=" " ind2=" " tag="260"><subfield code="a">Richmond, Ray Co., Mo. :</subfield><subfield code="b">Thos. A.H. Smith</subfield></datafield><datafield ind1=" " ind2=" " tag="300"><subfield code="a">v.</subfield></datafield><datafield ind1=" " ind2=" " tag="310"><subfield code="a">Weekly</subfield></datafield><datafield ind1="1" ind2=" " tag="362"><subfield code="a">Ceased in 1859?</subfield></datafield><datafield ind1=" " ind2=" " tag="500"><subfield code="a">Published as: Richmond mirror, &lt;Apr. 21-Dec. 8, 1855&gt;.</subfield></datafield><datafield ind1=" " ind2=" " tag="588"><subfield code="a">Description based on: Vol. 1, no. 2 (Feb. 18, 1853).</subfield></datafield><datafield ind1=" " ind2="0" tag="651"><subfield code="a">Richmond (Mo.)</subfield><subfield code="v">Newspapers.</subfield></datafield><datafield ind1=" " ind2="7" tag="655"><subfield code="a">Newspapers.</subfield><subfield code="2">fast</subfield><subfield code="0">(OCoLC)fst01423814</subfield></datafield><datafield ind1=" " ind2="7" tag="651"><subfield code="a">Missouri</subfield><subfield code="z">Richmond.</subfield><subfield code="2">fast</subfield><subfield code="0">(OCoLC)fst01232265</subfield></datafield><datafield ind1=" " ind2=" " tag="752"><subfield code="a">United States</subfield><subfield code="b">Missouri</subfield><subfield code="c">Ray</subfield><subfield code="d">Richmond.</subfield></datafield><datafield ind1="0" ind2="0" tag="780"><subfield code="t">Richmond herald (Richmond, Mo.)</subfield><subfield code="w">(DLC)sn 89067675</subfield></datafield><datafield ind1="0" ind2="0" tag="785"><subfield code="t">North-west conservator (Richmond, Mo. : 1861)</subfield><subfield code="w">(DLC)sn 89067677</subfield></datafield></record>